@article{Sandry,
author = {Sandryhaila, Aliaksei and Moura, Jos√© M.F.},
file = {:C$\backslash$:/Users/Cristina/Documents/Losanna/Thesis/SECT{\_}1 examples2.pdf:pdf},
journal = {IEEE Signal Processing Magazine},
number = {September},
pages = {80--90},
title = {{Big Data Analysis with Signal Processing on Graphs}},
year = {2014}
}

@article{Shuman2013,
author = {Shuman, David I. and Narang, Sunil K. and Frossard, Pascal and Ortega, Antonio and Vandergheynst, Pierre},
doi = {10.1109/MSP.2012.2235192},
eprint = {1211.0053},
file = {:C$\backslash$:/Users/Cristina/Documents/Losanna/Thesis/Paper 1.pdf:pdf},
isbn = {1053-5888 VO - 30},
issn = {10535888},
journal = {IEEE Signal Processing Magazine},
number = {3},
pages = {83--98},
pmid = {6494675},
title = {{The emerging field of signal processing on graphs: Extending high-dimensional data analysis to networks and other irregular domains}},
volume = {30},
year = {2013}
}

@article{Ortega2017,
author = {Ortega, Antonio and Frossard, Pascal and Kova{\v{c}}evi{\'{c}}, Jelena and Moura, Jos{\'{e}} M. F. and Vandergheynst, Pierre},
doi = {10.1109/JPROC.2018.2820126},
eprint = {1712.00468},
file = {:C$\backslash$:/Users/Cristina/Documents/Losanna/Thesis/Graph signal processing.pdf:pdf},
issn = {0018-9219},
journal = {IEEE Proceeedings},
pages = {1--18},
title = {{Graph Signal Processing}},
url = {http://arxiv.org/abs/1712.00468},
year = {2017}
}

@article{Tosic2011,
author = {Tosic, Ivana and Frossard, Pascal},
doi = {10.1109/MSP.2010.939537},
eprint = {arXiv:1402.1515v1},
file = {:C$\backslash$:/Users/Cristina/Documents/Losanna/Thesis/Disctionary learning.pdf:pdf},
isbn = {1053-5888},
issn = {1053-5888},
journal = {Signal Processing Magazine, IEEE},
keywords = {dictionaries,dictionary learning,engineering education,high dimensional data sets,multisensor data,objective function,relevant information,task-specific representation},
number = {2},
pages = {27--38},
title = {{Dictionary Learning, What is the right representation for my signal?}},
volume = {28},
year = {2011}
}

@article{Rubinstein2010,
author = {Rubinstein, By Ron and Bruckstein, Alfred M and Elad, Michael},
doi = {10.1109/JPROC.2010.2040551},
file = {:C$\backslash$:/Users/Cristina/Documents/Losanna/Thesis/IEEE{\_}Proc{\_}Dictionary.pdf:pdf},
issn = {0018-9219, 1558-2256},
journal = {IEEE Proceedings, VOL. X, NO. X},
keywords = {approximation,dictionary learning,harmonic analysis,signal,signal representation,sparse,sparse coding},
number = {6},
pages = {1045--1057},
title = {{Dictionaries for Sparse Representation Modeling.pdf}},
volume = {98},
year = {2010}
}

@article{Pati1993,
author = {Pati, Y.C. and Rezaiifar, R. and Krishnaprasad, P.S.},
doi = {10.1109/ACSSC.1993.342465},
file = {:C$\backslash$:/Users/Cristina/Documents/Losanna/Thesis/Orthogonal Matching pursuit.pdf:pdf},
isbn = {0-8186-4120-7},
issn = {1058-6393},
journal = {Proceedings of 27th Asilomar Conference on Signals, Systems and Computers},
pages = {40--44},
title = {{Orthogonal matching pursuit: recursive function approximation with applications to wavelet decomposition}},
url = {http://ieeexplore.ieee.org/document/342465/},
year = {1993}
}

@article{Gorodnitsky1997,
author = {Gorodnitsky, Irina F. and Rao, Bhaskar D.},
doi = {10.1109/78.558475},
file = {:C$\backslash$:/Users/Cristina/Documents/Losanna/Thesis/Sparse signal reconstr. using FOCUSS.pdf:pdf},
isbn = {1053-587X},
issn = {1053587X},
journal = {IEEE Transactions on Signal Processing},
number = {3},
pages = {600--616},
pmid = {1000198971},
title = {{Sparse signal reconstruction from limited data using FOCUSS: A re-weighted minimum norm algorithm}},
volume = {45},
year = {1997}
}
@article{Thanou2014,
author = {Thanou, Dorina and Shuman, David I. and Frossard, Pascal},
doi = {10.1109/TSP.2014.2332441},
eprint = {1401.0887},
file = {:C$\backslash$:/Users/Cristina/Documents/Losanna/Thesis/Learning parametric dictionaries for signals on graphs.pdf:pdf},
isbn = {1053-587X VO  - 62},
issn = {1053587X},
journal = {IEEE Transactions on Signal Processing},
keywords = {Dictionary learning,graph Laplacian,graph signal processing,sparse approximation},
number = {15},
pages = {3849--3862},
title = {{Learning parametric dictionaries for signals on graphs}},
volume = {62},
year = {2014}
}

@article{Dong2016,
author = {Dong, Xiaowen and Thanou, Dorina and Frossard, Pascal and Vandergheynst, Pierre},
doi = {10.1109/TSP.2016.2602809},
eprint = {1406.7842},
file = {:C$\backslash$:/Users/Cristina/Documents/Losanna/Thesis/Leraning Laplacian Matrix in smooth graph signal representation.pdf:pdf},
isbn = {9781467369978},
issn = {1053587X},
journal = {IEEE Transactions on Signal Processing},
keywords = {Gaussian prior,Laplacian matrix learning,factor analysis,graph signal processing,representation theory},
number = {23},
pages = {6160--6173},
title = {{Learning Laplacian Matrix in Smooth Graph Signal Representations}},
volume = {64},
year = {2016}
}

@article{Shuman2016,
author = {Shuman, David I. and Ricaud, Benjamin and Vandergheynst, Pierre},
doi = {10.1016/j.acha.2015.02.005},
eprint = {1307.5708},
file = {:C$\backslash$:/Users/Cristina/Documents/Losanna/Thesis/Vertex-frequency analysis on graphs.pdf:pdf},
isbn = {1307.5708},
issn = {1096603X},
journal = {Applied and Computational Harmonic Analysis},
keywords = {Clustering,Generalized translation and modulation,Localization,Signal processing on graphs,Spectral graph theory,Time-frequency analysis},
number = {2},
pages = {260--291},
title = {{Vertex-frequency analysis on graphs}},
volume = {40},
year = {2016}
}

@article{VonLuxburg2007,
author = {Von Luxburg, Ulrike},
doi = {10.1007/s11222-007-9033-z},
eprint = {0711.0189},
file = {:C$\backslash$:/Users/Cristina/Documents/Losanna/Thesis/A tutorial on spectral clustering.pdf:pdf},
isbn = {0960-3174},
issn = {09603174},
journal = {Statistics and Computing},
keywords = {Graph Laplacian,Spectral clustering},
number = {4},
pages = {395--416},
pmid = {19784854},
title = {{A tutorial on spectral clustering}},
volume = {17},
year = {2007}
}

@article{Maretic2017,
 author    = {Hermina Petric Maretic and Dorina Thanou and Pascal Frossard},
 title     = {Graph learning under sparsity priors},
 journal   = {CoRR},
 volume    = {abs/1707.05587},
 url       = {http://arxiv.org/abs/1707.05587},
 archivePrefix = {arXiv},
 eprint    = {1707.05587},
 timestamp = {Sat, 05 Aug 2017 14:56:13 +0200},
 biburl    = {https://dblp.org/rec/bib/journals/corr/MareticTF17},
  year      = {2017}
}

@article{Kalofolias2016,
author = {Kalofolias, Vassilis},
file = {:C$\backslash$:/Users/Cristina/Documents/Losanna/Thesis/Used for the thesis/How to learn a graph from smooth signals.pdf:pdf},
issn = {1938-7228},
journal = {Proceedings of the 19th International Conference on Artificial Intelligence and Statistics},
title = {{How to learn a graph from smooth signals}},
url = {http://arxiv.org/abs/1601.02513},
volume = {2},
year = {2016},
eprint = {1601.02513}
}

@article{Zhu2012,
author = {Zhu, Xiaofan and Rabbat, Michael},
file = {:C$\backslash$:/Users/Cristina/Documents/Losanna/Thesis/Used for the thesis/Approximating signals supported on graphs.pdf:pdf},
isbn = {9781467300469},
journal = {Signals, Department of Electrical and Computer Engineering, McGill University 3480 University St , Montreal QC , Canada H3A 2A7},
pages = {3921--3924},
title = {{"Approximating signals supported on graphs"}},
volume = {3},
year = {2012}
}

@article{Tropp2004,
author = {Tropp, Joel A.},
doi = {10.1109/TIT.2004.834793},
eprint = {1403.0700},
file = {:C$\backslash$:/Users/Cristina/Documents/Losanna/Thesis/Used for the thesis/Greed is good.pdf:pdf},
isbn = {0018-9448},
issn = {00189448},
journal = {IEEE Transactions on Information Theory},
number = {10},
pages = {2231--2242},
pmid = {1337101},
title = {{Greed is good: Algorithmic results for sparse approximation}},
volume = {50},
year = {2004}
}

@article{McAuley2012,
author = {McAuley, Julian and Leskovec, Jure},
doi = {10.1007/978-3-642-33765-9_59},
eprint = {1207.3809},
file = {:C$\backslash$:/Users/Cristina/Documents/Losanna/Thesis/Used for the thesis/Da aggiungere/VEDI SE INSERIRLO - FlickrDataset.pdf:pdf},
isbn = {9783642337642},
issn = {03029743},
journal = {Lecture Notes in Computer Science (including subseries Lecture Notes in Artificial Intelligence and Lecture Notes in Bioinformatics)},
keywords = {Image Classification,Social Networks,Structured Learning},
number = {PART 4},
pages = {828--841},
title = {{Image labeling on a network: Using social-network metadata for image classification}},
volume = {7575 LNCS},
year = {2012}
}
